@inproceedings{berant2013semantic,
  title={Semantic parsing on freebase from question-answer pairs},
  author={Berant, Jonathan and Chou, Andrew and Frostig, Roy and Liang, Percy},
  booktitle={Proceedings of the 2013 Conference on Empirical Methods in Natural Language Processing},
  pages={1533--1544},
  year={2013}
}
@inproceedings{lei2013natural,
  title={From natural language specifications to program input parsers},
  author={Lei, Tao and Long, Fan and Barzilay, Regina and Rinard, Martin},
  booktitle={Proceedings of the 51st Annual Meeting of the Association for Computational Linguistics (Volume 1: Long Papers)},
  volume={1},
  pages={1294--1303},
  year={2013}
}
@article{mou2015end,
  title={On end-to-end program generation from user intention by deep neural networks},
  author={Mou, Lili and Men, Rui and Li, Ge and Zhang, Lu and Jin, Zhi},
  journal={arXiv preprint arXiv:1510.07211},
  year={2015}
}
@article{ling2016latent,
  title={Latent predictor networks for code generation},
  author={Ling, Wang and Grefenstette, Edward and Hermann, Karl Moritz and Ko{\v{c}}isk{\`y}, Tom{\'a}{\v{s}} and Senior, Andrew and Wang, Fumin and Blunsom, Phil},
  journal={arXiv preprint arXiv:1603.06744},
  year={2016}
}
@article{yin2017syntactic,
  title={A syntactic neural model for general-purpose code generation},
  author={Yin, Pengcheng and Neubig, Graham},
  journal={arXiv preprint arXiv:1704.01696},
  year={2017}
}
@article{rabinovich2017abstract,
  title={Abstract syntax networks for code generation and semantic parsing},
  author={Rabinovich, Maxim and Stern, Mitchell and Klein, Dan},
  journal={arXiv preprint arXiv:1704.07535},
  year={2017}
}
@article{barone2017parallel,
  title={A parallel corpus of Python functions and documentation strings for automated code documentation and code generation},
  author={Barone, Antonio Valerio Miceli and Sennrich, Rico},
  journal={arXiv preprint arXiv:1707.02275},
  year={2017}
}
