@article{mou2015end,
  title={On end-to-end program generation from user intention by deep neural networks},
  author={Mou, Lili and Men, Rui and Li, Ge and Zhang, Lu and Jin, Zhi},
  journal={arXiv preprint arXiv:1510.07211},
  year={2015}
}

@article{yin2017syntactic,
  title={A syntactic neural model for general-purpose code generation},
  author={Yin, Pengcheng and Neubig, Graham},
  journal={arXiv preprint arXiv:1704.01696},
  year={2017}
}

@article{rabinovich2017abstract,
      title={Abstract syntax networks for code generation and semantic parsing},
        author={Rabinovich, Maxim and Stern, Mitchell and Klein, Dan},
          journal={arXiv preprint arXiv:1704.07535},
            year={2017}
      }

@article{jia2016data,
      title={Data recombination for neural semantic parsing},
        author={Jia, Robin and Liang, Percy},
          journal={arXiv preprint arXiv:1606.03622},
            year={2016}
      }

@inproceedings{kushman2013using,
      title={Using semantic unification to generate regular expressions from natural language},
        author={Kushman, Nate and Barzilay, Regina},
          booktitle={Proceedings of the 2013 Conference of the North American Chapter of the Association for Computational Linguistics: Human Language Technologies},
            pages={826--836},
              year={2013}
      }

@inproceedings{lei2013natural,
      title={From natural language specifications to program input parsers},
        author={Lei, Tao and Long, Fan and Barzilay, Regina and Rinard, Martin},
          booktitle={Proceedings of the 51st Annual Meeting of the Association for Computational Linguistics (Volume 1: Long Papers)},
            volume={1},
              pages={1294--1303},
                year={2013}
      }

@article{balog2016deepcoder,
  title={Deepcoder: Learning to write programs},
  author={Balog, Matej and Gaunt, Alexander L and Brockschmidt, Marc and Nowozin, Sebastian and Tarlow, Daniel},
  journal={arXiv preprint arXiv:1611.01989},
  year={2016}
}
